
@book{fasfs,
author=         {Chang, C. and Keisler, J.},
title=          {Model Theory},
publisher=      {Elsevier},
year=           1990,
address =       {Amsterdam, Holland}
}

@inproceedings{fasfas,
author=         {Arimura, H.},
title=          {Learning Acyclic First-order {Horn} Sentences 
                 from Entailment},
booktitle =     {Proceedings of the International Conference
                 on Algorithmic Learning Theory},
year =          {1997},
publisher=      {Springer-verlag},
note =          {LNAI 1316},
address =       {Sendai, Japan}
}


@misc{P1,
  title = {{Caslon Analytics} 419 scams},
  author = {Caslon Analytics},
  howpublished = {\url{http://www.caslon.com.au/419scamnote.htm}},
  year = {2008},
  note = {Accessed: 04/04/2012}
}

@ARTICLE{P2,
   AUTHOR  = {Michael Peel},
   TITLE   = {Nigeria-Related Financial Crime and its links with Britain},
   YEAR    = {2006},
   JOURNAL = {Chatham House Research},
   VOLUME  = {},
   NUMBER  = {},
   PAGES   = {}
}

@book{P3,
author=         {Nigeria},
title=          {Criminal Code Act},
publisher=      {Lagos},
year=           1990,
address =       {Lagos, Nigeria}
}

@ARTICLE{P4,
   AUTHOR  = {Adam Salifu},
   TITLE   = {The impact of internet crime on development},
   YEAR    = {2008},
   JOURNAL = {Journal of Financial Crime},
   VOLUME  = {15},
   NUMBER  = {4},
   PAGES   = {432-443}
}

@INPROCEEDINGS{P5,
    author = {Luis von Ahn and Manuel Blum and Nicholas J. Hopper and John Langford},
    title = {CAPTCHA: Using Hard AI Problems for Security },
    booktitle = {In Proceedings of Eurocrypt},
    year = {2003},
    pages = {294--311},
    publisher = {Springer-Verlag}
}

@INPROCEEDINGS{P6,
    author = {Ion Androutsopoulos and John Koutsias and Konstantinos V. Cb and Constantine D. Spyropoulos},
    title = {An Experimental Comparison of Naive Bayesian and Keyword-Based Anti-Spam Filtering with Personal E-mail Messages},
    booktitle = {In Proceedings of the 23rd annual international ACM SIGIR conference on Research and development in information retrieval},
    year = {2000},
    pages = {160--167},
    publisher = {ACM Press}
}

@ARTICLE{P8,
   AUTHOR  = {Cascada Insights},
   TITLE   = {Web Mail Provider SPAM Filtering Effectiveness Research},
   YEAR    = {2012},
   JOURNAL = {Cascada Insights Research},
   VOLUME  = {},
   NUMBER  = {},
   PAGES   = {}
}

@misc{P9,
  title = {{Artists Against 419} FAQ},
  author = {Artists Against 419},
  howpublished = {\url{http://forum.aa419.org/viewtopic.php?t=6}},
  year = {2005},
  note = {Accessed: 04/04/2012}
}

@book{P10,
author=         {United Kingdom},
title=          {Police and Justice Act 2006, Commencement No.9},
publisher=      {United Kingdom},
year=           2006,
address =       {London, United Kingdom}
}

@ARTICLE{P11,
   AUTHOR  = {Joseph Weizenbaum},
   TITLE   = {ELIZA -- a computer program for the study of natural language communication between man and machine},
   YEAR    = {1966},
   JOURNAL = {Communications of the ACM},
   VOLUME  = {9},
   NUMBER  = {},
   PAGES   = {}
}